<?xml version="1.0" encoding="UTF-8"?>
<collection>
   <record>
      <leader>02540cam a2200433Ia 4500</leader>
      <controlfield tag="001">9915508652707426</controlfield>
      <controlfield tag="005">20221102134702.0</controlfield>
      <controlfield tag="008">000212s1999    paua     b    001 0 eng d</controlfield>
      <datafield tag="016" ind1="7" ind2=" ">
         <subfield code="a">CAT11062964</subfield>
         <subfield code="2">DNAL</subfield>
      </datafield>
      <datafield tag="035" ind1=" " ind2=" ">
         <subfield code="a">842604</subfield>
      </datafield>
      <datafield tag="035" ind1=" " ind2=" ">
         <subfield code="a">(OCoLC)42940089</subfield>
      </datafield>
      <datafield tag="035" ind1=" " ind2=" ">
         <subfield code="a">(DNAL)842604-naldb-Voyager</subfield>
      </datafield>
      <datafield tag="040" ind1=" " ind2=" ">
         <subfield code="a">OSU</subfield>
         <subfield code="b">eng</subfield>
         <subfield code="c">OSU</subfield>
         <subfield code="d">NCK</subfield>
         <subfield code="d">OCL</subfield>
         <subfield code="d">AGL</subfield>
         <subfield code="d">OCLCQ</subfield>
         <subfield code="d">GEBAY</subfield>
         <subfield code="d">OCLCQ</subfield>
         <subfield code="d">OCLCF</subfield>
         <subfield code="d">OCLCQ</subfield>
         <subfield code="d">OCLCO</subfield>
         <subfield code="d">DEBBG</subfield>
      </datafield>
      <datafield tag="049" ind1=" " ind2=" ">
         <subfield code="a">AGLL</subfield>
      </datafield>
      <datafield tag="050" ind1=" " ind2="0">
         <subfield code="a">SF601</subfield>
         <subfield code="b">.V58234</subfield>
      </datafield>
      <datafield tag="070" ind1="0" ind2=" ">
         <subfield code="a">SF951</subfield>
         <subfield code="b">.V47 v. 15 no. 3</subfield>
      </datafield>
      <datafield tag="072" ind1=" " ind2=" ">
         <subfield code="a">L800</subfield>
      </datafield>
      <datafield tag="072" ind1=" " ind2=" ">
         <subfield code="a">L830</subfield>
      </datafield>
      <datafield tag="245" ind1="0" ind2="0">
         <subfield code="a">Clinical pharmacology and therapeutics /</subfield>
         <subfield code="c">Ted Whittem, guest editor.</subfield>
      </datafield>
      <datafield tag="260" ind1=" " ind2=" ">
         <subfield code="a">Philadelphia :</subfield>
         <subfield code="b">W.B. Saunders Co.,</subfield>
         <subfield code="c">©1999.</subfield>
      </datafield>
      <datafield tag="300" ind1=" " ind2=" ">
         <subfield code="a">x, pages 523-782 :</subfield>
         <subfield code="b">illustrations ;</subfield>
         <subfield code="c">24 cm.</subfield>
      </datafield>
      <datafield tag="336" ind1=" " ind2=" ">
         <subfield code="a">text</subfield>
         <subfield code="b">txt</subfield>
         <subfield code="2">rdacontent</subfield>
      </datafield>
      <datafield tag="337" ind1=" " ind2=" ">
         <subfield code="a">unmediated</subfield>
         <subfield code="b">n</subfield>
         <subfield code="2">rdamedia</subfield>
      </datafield>
      <datafield tag="338" ind1=" " ind2=" ">
         <subfield code="a">volume</subfield>
         <subfield code="b">nc</subfield>
         <subfield code="2">rdacarrier</subfield>
      </datafield>
      <datafield tag="490" ind1="1" ind2=" ">
         <subfield code="a">The veterinary clinics of North America. Equine practice,</subfield>
         <subfield code="x">0749-0739 ;</subfield>
         <subfield code="v">v. 15, no. 3</subfield>
      </datafield>
      <datafield tag="504" ind1=" " ind2=" ">
         <subfield code="a">Includes bibliographical references and index.</subfield>
      </datafield>
      <datafield tag="505" ind1="0" ind2="0">
         <subfield code="t">Equine cardiac disease: clinical pharmacology and therapeutics /Tony D. Mogg --</subfield>
         <subfield code="t">Gastrointestinal pharmacology /David E. Freeman --</subfield>
         <subfield code="t">Treatment and control of gastrointestinal parasites /Douglas E. Hutchens, et als. --</subfield>
         <subfield code="t">Clinial pharmacology of nervous system diseases /Patricia M. Dowling --</subfield>
         <subfield code="t">Therapeutics of musculoskeletal disease in the horse /Cynthia Killias-Baker</subfield>
         <subfield code="t">Modes of local drug delivery to the musculoskeletal system of horses /Brian H. Anderson and Mark T. Ethell --</subfield>
         <subfield code="t">Equine infectious keratitis /Ralph E. Hamor and Nicholas C. Whelan --</subfield>
         <subfield code="t">Renal pharmacology /Eduard Jose-Cunilleras and Kenneth W. Hinchcliff --</subfield>
         <subfield code="t">Equine respiratory pharmacology / Jonathan H. Foreman --</subfield>
         <subfield code="t">Equine reproductive pharmacology /Nigel R. Perkins --</subfield>
         <subfield code="t">Analgesia /Jane Owens Clark and Terrence P. Clark --</subfield>
         <subfield code="t">Pharmacologic considerations in the treatment of neonatal septicemia and its complications /Maureen E.G. Wichtel, et als. --</subfield>
         <subfield code="t">Appendix --</subfield>
         <subfield code="t">Formulary of common equine drugs /Ted Whittem --</subfield>
         <subfield code="t">Cumulative index 1999.</subfield>
      </datafield>
      <datafield tag="591" ind1=" " ind2=" ">
         <subfield code="b">NAL Reclamation</subfield>
      </datafield>
      <datafield tag="650" ind1=" " ind2="0">
         <subfield code="a">Veterinary therapeutics.</subfield>
         <subfield code="0">http://id.loc.gov/authorities/subjects/sh91004924</subfield>
      </datafield>
      <datafield tag="650" ind1=" " ind2="0">
         <subfield code="a">Horses</subfield>
         <subfield code="x">Diseases</subfield>
         <subfield code="x">Treatment.</subfield>
      </datafield>
      <datafield tag="655" ind1=" " ind2="4">
         <subfield code="a">Aufsatzsammlung.</subfield>
      </datafield>
      <datafield tag="700" ind1="1" ind2=" ">
         <subfield code="a">Whittem, Ted.</subfield>
      </datafield>
      <datafield tag="700" ind1="1" ind2=" ">
         <subfield code="a">Boothe, Dawn Merton.</subfield>
      </datafield>
      <datafield tag="830" ind1=" " ind2="0">
         <subfield code="a">Veterinary clinics of North America.</subfield>
         <subfield code="p">Equine practice ;</subfield>
         <subfield code="v">v. 15, no. 3.</subfield>
         <subfield code="x">0749-0739</subfield>
      </datafield>
      <datafield tag="912" ind1=" " ind2=" ">
         <subfield code="a">nalcatalog</subfield>
      </datafield>
      <datafield tag="930" ind1=" " ind2=" ">
         <subfield code="a">20000302</subfield>
         <subfield code="b">20000309</subfield>
         <subfield code="c">00000000</subfield>
      </datafield>
      <datafield tag="945" ind1=" " ind2=" ">
         <subfield code="d">sp</subfield>
         <subfield code="e">2000/02/11</subfield>
         <subfield code="f">sp</subfield>
         <subfield code="g">2000/02/11</subfield>
         <subfield code="n">1</subfield>
      </datafield>
      <datafield tag="946" ind1=" " ind2=" ">
         <subfield code="a">Other US</subfield>
      </datafield>
      <datafield tag="994" ind1=" " ind2=" ">
         <subfield code="a">92</subfield>
         <subfield code="b">AGL</subfield>
      </datafield>
   </record>
</collection>
